@ARTICLE{SLIC, 
author={R. Achanta and A. Shaji and K. Smith and A. Lucchi and P. Fua and S. Süsstrunk}, 
journal={IEEE Transactions on Pattern Analysis and Machine Intelligence}, 
title={SLIC Superpixels Compared to State-of-the-Art Superpixel Methods}, 
year={2012}, 
volume={34}, 
number={11}, 
pages={2274-2282},  
doi={10.1109/TPAMI.2012.120}, 
ISSN={0162-8828}, 
month={Nov},}

@article{SLIC1,
title = {SLIC Superpixels},
author = {Achanta, Radhakrishna and Shaji, Appu and Smith, Kevin and  Lucchi, Aurélien and Fua, Pascal and Süsstrunk, Sabine},
address = {EPFL},
pages = {15},
year = {2010},
}


@ARTICLE{SEG_MERGE, 
author={T. Liu and M. Seyedhosseini and T. Tasdizen}, 
journal={IEEE Transactions on Image Processing}, 
title={Image Segmentation Using Hierarchical Merge Tree}, 
year={2016}, 
volume={25}, 
number={10}, 
pages={4596-4607}, 
doi={10.1109/TIP.2016.2592704}, 
ISSN={1057-7149}, 
month={Oct},}

@INPROCEEDINGS{SEG_LOCALIZ, 
author={B. Fulkerson and A. Vedaldi and S. Soatto}, 
booktitle={2009 IEEE 12th International Conference on Computer Vision}, 
title={Class segmentation and object localization with superpixel neighborhoods}, 
year={2009}, 
volume={}, 
number={}, 
pages={670-677},  
doi={10.1109/ICCV.2009.5459175}, 
ISSN={1550-5499}, 
month={Sept},}

@Article{FELZENSZWALB,
author="Felzenszwalb, Pedro F. and Huttenlocher, Daniel P.",
title="Efficient Graph-Based Image Segmentation",
journal="International Journal of Computer Vision",
year="2004",
month="Sep",
day="01",
volume="59",
number="2",
pages="167--181",
issn="1573-1405",
doi="10.1023/B:VISI.0000022288.19776.77",
url="https://doi.org/10.1023/B:VISI.0000022288.19776.77"
}

@Article{CONTOUR,
title = "Efficient local and global contour detection based on superpixels",
journal = "Journal of Visual Communication and Image Representation",
volume = "48",
pages = "77 - 87",
year = "2017",
issn = "1047-3203",
doi = "https://doi.org/10.1016/j.jvcir.2017.06.005",
url = "http://www.sciencedirect.com/science/article/pii/S1047320317301372",
author = "Xuan-Yin Wang and Chang-Wei Wu and Ke Xiang and Wen Chen",
keywords = "Contour detection, Segmentation, Superpixels, Saliency object segmentation"
}

@Article{BSDS500,
 author = {Arbelaez, Pablo and Maire, Michael and Fowlkes, Charless and Malik, Jitendra},
 title = {Contour Detection and Hierarchical Image Segmentation},
 journal = {IEEE Trans. Pattern Anal. Mach. Intell.},
 issue_date = {May 2011},
 volume = {33},
 number = {5},
 month = may,
 year = {2011},
 issn = {0162-8828},
 pages = {898--916},
 numpages = {19},
 url = {http://dx.doi.org/10.1109/TPAMI.2010.161},
 doi = {10.1109/TPAMI.2010.161},
 acmid = {1963088},
 publisher = {IEEE Computer Society},
 address = {Washington, DC, USA},
 keywords = {Contour detection, image segmentation, computer vision.},
} 

@inproceedings{GSLIC,
  title={gSLIC: a real-time implementation of SLIC superpixel segmentation},
  author={Carl Yuheng Ren},
  year={2011}
}

@book{goossens93,
  author    = "Michel Goossens and Frank Mittelbach and Alexander Samarin",
  title     = "The LaTeX Companion",
  year      = "1993",
  publisher = "Addison-Wesley",
  address   = "Reading, Massachusetts"
}

@article{ZHANG2008,
title = "Image segmentation evaluation: A survey of unsupervised methods",
journal = "Computer Vision and Image Understanding",
volume = "110",
number = "2",
pages = "260 - 280",
year = "2008",
issn = "1077-3142",
doi = "https://doi.org/10.1016/j.cviu.2007.08.003",
url = "http://www.sciencedirect.com/science/article/pii/S1077314207001294",
author = "Hui Zhang and Jason E. Fritts and Sally A. Goldman",
keywords = "Image segmentation, Objective evaluation, Unsupervised evaluation, Empirical goodness measure"
}

@book{DOMINGUEZ,
  author = "Didier Domínguez and Roberto Rodríguez Morales",
  title = "Image Segmentation: Advances",
  year = "2016",
  volume = "1",
  number = "1",
  isbn = "1682500187",
  pages = "178"
}

@article{WANG201728,
title = "Superpixel segmentation: A benchmark",
journal = "Signal Processing: Image Communication",
volume = "56",
pages = "28 - 39",
year = "2017",
issn = "0923-5965",
doi = "https://doi.org/10.1016/j.image.2017.04.007",
url = "http://www.sciencedirect.com/science/article/pii/S0923596517300735",
author = "Murong Wang and Xiabi Liu and Yixuan Gao and Xiao Ma and Nouman Q. Soomro",
keywords = "Superpixel, Benchmark, Evaluation"
}

@article{SLINK,
title={SLINK: An Optimally Efficient Algorithm for the Single-Link Cluster Method},
author={R. Sibson},
journal={Comput. J.},
year={1973},
volume={16},
pages={30-34}
}

@Inbook{ROKACH,
author="Rokach, Lior and Maimon, Oded",
editor="Maimon, Oded and Rokach, Lior",
title="Clustering Methods",
bookTitle="Data Mining and Knowledge Discovery Handbook",
year="2005",
publisher="Springer US",
address="Boston, MA",
pages="321--352",
isbn="978-0-387-25465-4",
doi="10.1007/0-387-25465-X_15",
url="https://doi.org/10.1007/0-387-25465-X_15"
}

@ARTICLE{WATERSHEDS, 
author={L. Vincent and P. Soille}, 
journal={IEEE Transactions on Pattern Analysis and Machine Intelligence}, 
title={Watersheds in digital spaces: an efficient algorithm based on immersion simulations}, 
year={1991}, 
volume={13}, 
number={6}, 
pages={583-598}, 
doi={10.1109/34.87344}, 
ISSN={0162-8828}, 
month={Jun},
}

@article{SEISM,
author = {Jordi Pont-Tuset and Ferran Marques},
title = {Supervised Evaluation of Image Segmentation and Object Proposal Techniques},
journal = {IEEE Transactions on Pattern Analysis and Machine Intelligence (TPAMI)},
year = {2016},
volume = {38},
number = {7},
pages = {1465--1478}
}

@online{WIKI_PREC_RECALL,
  author = {Wikipedia},
  title = {Precision and recall},
  year = 2018,
  url = {https://en.wikipedia.org/wiki/Precision_and_recall},
  urldate = {2018-06-27},
}

@INPROCEEDINGS{ULTRAMETRIC, 
author={P. Arbelaez}, 
booktitle={2006 Conference on Computer Vision and Pattern Recognition Workshop (CVPRW'06)}, 
title={Boundary Extraction in Natural Images Using Ultrametric Contour Maps}, 
year={2006}, 
volume={}, 
number={}, 
pages={182-182}, 
ISSN={2160-7508}, 
month={June},
}

@InProceedings{SILVIO_ZENILTON,
author="Guimar{\~a}es, Silvio Jamil F.
and Patroc{\'i}nio, Zenilton K. G.",
editor="Petrosino, Alfredo",
title="A Graph-Based Hierarchical Image Segmentation Method Based on a Statistical Merging Predicate",
booktitle="Image Analysis and Processing -- ICIAP 2013",
year="2013",
publisher="Springer Berlin Heidelberg",
address="Berlin, Heidelberg",
pages="11--20",
isbn="978-3-642-41181-6"
}

@INPROCEEDINGS{CONT_EMPIRICAL, 
author={P. Arbelaez and M. Maire and C. Fowlkes and J. Malik}, 
booktitle={2009 IEEE Conference on Computer Vision and Pattern Recognition}, 
title={From contours to regions: An empirical evaluation}, 
year={2009}, 
volume={}, 
number={}, 
pages={2294-2301},  
doi={10.1109/CVPR.2009.5206707}, 
ISSN={1063-6919}, 
month={June},}

@INPROCEEDINGS{CLUSTER_HIER, 
author={Jeyalakshmi, K. and Shanmugapriya, S.}, 
booktitle={International Journal of Innovative Research in Computer
and Communication Engineering}, 
title={An Efficient Hierarchical Clustering Algorithms Approach Based on Various-Widths Algometric Clustering}, 
year={2016}, 
volume={4}, 
pages={13151-13155},  
doi={10.15680/IJIRCCE.2016.0407023}, 
ISSN={2320-9798}, 
month={July}
}

@article{SINGLE_LINKAGE,
author={Murtagh, Fionn and Contreras, Pedro},
year={2012},
month={01},
pages={86-97},
title={Algorithms for hierarchical clustering: An overview},
volume={2},
booktitle={Wiley Interdisc. Rew.: Data Mining and Knowledge Discovery}
}

@inproceedings{PRECISION_RECALL,
 author = {Davis, Jesse and Goadrich, Mark},
 title = {The Relationship Between Precision-Recall and ROC Curves},
 booktitle = {Proceedings of the 23rd International Conference on Machine Learning},
 series = {ICML '06},
 year = {2006},
 isbn = {1-59593-383-2},
 location = {Pittsburgh, Pennsylvania, USA},
 pages = {233--240},
 numpages = {8},
 url = {http://doi.acm.org/10.1145/1143844.1143874},
 doi = {10.1145/1143844.1143874},
 acmid = {1143874},
 publisher = {ACM},
 address = {New York, NY, USA},
} 

@InProceedings{PREC_RECALL_REGR,
author="Torgo, Luis
and Ribeiro, Rita",
editor="Gama, Jo{\~a}o
and Costa, V{\'i}tor Santos
and Jorge, Al{\'i}pio M{\'a}rio
and Brazdil, Pavel B.",
title="Precision and Recall for Regression",
booktitle="Discovery Science",
year="2009",
publisher="Springer Berlin Heidelberg",
address="Berlin, Heidelberg",
pages="332--346",
isbn="978-3-642-04747-3"
}

@inproceedings{F_MEASURE,
 author = {Dembczy\'{n}ski, Krzysztof and Waegeman, Willem and Cheng, Weiwei and H\"{u}llermeier, Eyke},
 title = {An Exact Algorithm for F-measure Maximization},
 booktitle = {Proceedings of the 24th International Conference on Neural Information Processing Systems},
 series = {NIPS'11},
 year = {2011},
 isbn = {978-1-61839-599-3},
 location = {Granada, Spain},
 pages = {1404--1412},
 numpages = {9},
 url = {http://dl.acm.org/citation.cfm?id=2986459.2986616},
 acmid = {2986616},
 publisher = {Curran Associates Inc.},
 address = {USA},
} 

